<?xml version="1.0" encoding="UTF-8"?><record xmlns="http://www.loc.gov/MARC21/slim" xmlns:cinclude="http://apache.org/cocoon/include/1.0" xmlns:zs="http://www.loc.gov/zing/srw/">
  <leader>00581nz  a2200133n  4500</leader>
  <controlfield tag="001">n  00048293 </controlfield>
  <controlfield tag="003">DLC</controlfield>
  <controlfield tag="005">20000607092132.0</controlfield>
  <controlfield tag="008">000607n| acannaabn          |a ana      </controlfield>
  <datafield tag="010" ind1=" " ind2=" ">
    <subfield code="a">n  00048293 </subfield>
  </datafield>
  <datafield tag="040" ind1=" " ind2=" ">
    <subfield code="a">DLC</subfield>
    <subfield code="b">eng</subfield>
    <subfield code="c">DLC</subfield>
  </datafield>
  <datafield tag="110" ind1="2" ind2=" ">
    <subfield code="a">Trường trung học kỹ thuật thủy sản I</subfield>
  </datafield>
  <datafield tag="410" ind1="1" ind2=" ">
    <subfield code="a">Vietnam.</subfield>
    <subfield code="b">Bộ thủy sản.</subfield>
    <subfield code="b">Trường trung học kỹ thuật thủy sản I</subfield>
  </datafield>
  <datafield tag="670" ind1=" " ind2=" ">
    <subfield code="a">35 năm xây dựng và phát triển Trường trung học kỹ thuật thủy sản I, 1998:</subfield>
    <subfield code="b">t.p. (Bộ thủy sản, Trường trung học kỹ thuật thủy sản I)</subfield>
  </datafield>
</record>